@book{james2021introduction,
  title={An Introduction to Statistical Learning: with Applications in R},
  author={James, Gareth and Witten, Daniela and Hastie, Trevor and Tibshirani, Robert},
  year={2021},
  edition={2},
  publisher={Springer},
  address={New York, NY},
  doi={10.1007/978-1-0716-1418-1},
  isbn={978-1-0716-1417-4}
}

@unpublished{sarmiento2023computing,
  title={Computing the OLS Coefficients},
  author={Sarmiento-Barbieri, Ignacio},
  year={2023},
  note={Notas de clase, Big Data y Machine Learning para Economía Aplicada, Universidad de los Andes}
}

@misc{claude2023conversations,
  title={Conversaciones con Claude AI Assistant},
  author={{Anthropic}},
  year={2023},
  note={Utilizado para estructura de documentos LaTeX, revisión de código y refinamiento de texto}
}

@misc{chatgpt2023conversations,
  title={Conversaciones con ChatGPT},
  author={{OpenAI}},
  year={2023},
  note={Utilizado para verificación de sintaxis, correcciones ortográficas y asistencia en la redacción}
}
